<?xml version="1.0" encoding="UTF-8"?>
  <record xmlns="http://www.loc.gov/MARC21/slim" type="Authority">
    <leader>00000nz  a2200000nc 4500</leader>
    <controlfield tag="001">121144569</controlfield>
    <controlfield tag="003">DE-101</controlfield>
    <controlfield tag="005">20220309171024.0</controlfield>
    <controlfield tag="008">990609n||azznnaabn           | aaa    |c</controlfield>
    <datafield tag="024" ind1="7" ind2=" ">
      <subfield code="a">121144569</subfield>
      <subfield code="0">http://d-nb.info/gnd/121144569</subfield>
      <subfield code="2">gnd</subfield>
    </datafield>
    <datafield tag="035" ind1=" " ind2=" ">
      <subfield code="a">(DE-101)121144569</subfield>
    </datafield>
    <datafield tag="035" ind1=" " ind2=" ">
      <subfield code="a">(DE-588)121144569</subfield>
    </datafield>
    <datafield tag="035" ind1=" " ind2=" ">
      <subfield code="z">(DE-588a)121144569</subfield>
      <subfield code="9">v:zg</subfield>
    </datafield>
    <datafield tag="035" ind1=" " ind2=" ">
      <subfield code="z">(DE-588c)4547404-7</subfield>
      <subfield code="9">v:zg</subfield>
    </datafield>
    <datafield tag="040" ind1=" " ind2=" ">
      <subfield code="a">DE-386</subfield>
      <subfield code="c">DE-386</subfield>
      <subfield code="9">r:DE-576</subfield>
      <subfield code="b">ger</subfield>
      <subfield code="d">9999</subfield>
    </datafield>
    <datafield tag="042" ind1=" " ind2=" ">
      <subfield code="a">gnd1</subfield>
    </datafield>
    <datafield tag="043" ind1=" " ind2=" ">
      <subfield code="c">XA-NL</subfield>
    </datafield>
    <datafield tag="065" ind1=" " ind2=" ">
      <subfield code="a">3.6p</subfield>
      <subfield code="2">sswd</subfield>
    </datafield>
    <datafield tag="065" ind1=" " ind2=" ">
      <subfield code="a">6.1p</subfield>
      <subfield code="2">sswd</subfield>
    </datafield>
    <datafield tag="075" ind1=" " ind2=" ">
      <subfield code="b">p</subfield>
      <subfield code="2">gndgen</subfield>
    </datafield>
    <datafield tag="075" ind1=" " ind2=" ">
      <subfield code="b">piz</subfield>
      <subfield code="2">gndspec</subfield>
    </datafield>
    <datafield tag="079" ind1=" " ind2=" ">
      <subfield code="a">g</subfield>
      <subfield code="q">s</subfield>
      <subfield code="q">f</subfield>
      <subfield code="q">a</subfield>
      <subfield code="q">d</subfield>
      <subfield code="u">v</subfield>
      <subfield code="u">o</subfield>
    </datafield>
    <datafield tag="100" ind1="1" ind2=" ">
      <subfield code="a">Clicthove, Josse</subfield>
      <subfield code="d">1472-1543</subfield>
    </datafield>
    <datafield tag="400" ind1="1" ind2=" ">
      <subfield code="a">Chlichtoveus, Jodocus</subfield>
      <subfield code="d">1472-1543</subfield>
    </datafield>
    <datafield tag="400" ind1="1" ind2=" ">
      <subfield code="a">Chlichtoveus, Iudocus</subfield>
      <subfield code="d">1472-1543</subfield>
    </datafield>
    <datafield tag="400" ind1="1" ind2=" ">
      <subfield code="a">Chlichtoveus, Judocus</subfield>
      <subfield code="d">1472-1543</subfield>
    </datafield>
    <datafield tag="400" ind1="1" ind2=" ">
      <subfield code="a">Clichtoueus, Iudocus</subfield>
      <subfield code="d">1472-1543</subfield>
    </datafield>
    <datafield tag="400" ind1="1" ind2=" ">
      <subfield code="a">Clichtoveus, J.</subfield>
      <subfield code="d">1472-1543</subfield>
    </datafield>
    <datafield tag="400" ind1="1" ind2=" ">
      <subfield code="a">Clichthoveus, Iodocus</subfield>
      <subfield code="d">1472-1543</subfield>
    </datafield>
    <datafield tag="400" ind1="1" ind2=" ">
      <subfield code="a">Clichthoveus, Judocus</subfield>
      <subfield code="d">1472-1543</subfield>
    </datafield>
    <datafield tag="400" ind1="1" ind2=" ">
      <subfield code="a">Clichthoveus, Iudocus</subfield>
      <subfield code="d">1472-1543</subfield>
    </datafield>
    <datafield tag="400" ind1="1" ind2=" ">
      <subfield code="a">Clicththoveus, Jodocus</subfield>
      <subfield code="d">1472-1543</subfield>
    </datafield>
    <datafield tag="400" ind1="1" ind2=" ">
      <subfield code="a">Clichtoveus, Iodocus</subfield>
      <subfield code="d">1472-1543</subfield>
    </datafield>
    <datafield tag="400" ind1="1" ind2=" ">
      <subfield code="a">Clicthoveus, Jodocus</subfield>
      <subfield code="d">1472-1543</subfield>
    </datafield>
    <datafield tag="400" ind1="1" ind2=" ">
      <subfield code="a">Chlichtoveus, Iodocus</subfield>
      <subfield code="d">1472-1543</subfield>
    </datafield>
    <datafield tag="400" ind1="1" ind2=" ">
      <subfield code="a">Clithoveus, Jodocus</subfield>
      <subfield code="d">1472-1543</subfield>
    </datafield>
    <datafield tag="400" ind1="1" ind2=" ">
      <subfield code="a">Clichtove, Jesse</subfield>
      <subfield code="d">1472-1543</subfield>
    </datafield>
    <datafield tag="400" ind1="1" ind2=" ">
      <subfield code="a">Clichthoveus, Jodocus</subfield>
      <subfield code="d">1472-1543</subfield>
    </datafield>
    <datafield tag="400" ind1="1" ind2=" ">
      <subfield code="a">Clichtove, Josse &#152;van&#156;</subfield>
      <subfield code="d">1472-1543</subfield>
    </datafield>
    <datafield tag="400" ind1="1" ind2=" ">
      <subfield code="a">Clichtovaeus, Jodocus</subfield>
      <subfield code="d">1472-1543</subfield>
    </datafield>
    <datafield tag="400" ind1="1" ind2=" ">
      <subfield code="a">Clichtoveus, Iudocus</subfield>
      <subfield code="d">1472-1543</subfield>
    </datafield>
    <datafield tag="400" ind1="1" ind2=" ">
      <subfield code="a">Clichtoveus, Judocus</subfield>
      <subfield code="d">1472-1543</subfield>
    </datafield>
    <datafield tag="400" ind1="1" ind2=" ">
      <subfield code="a">Clichtoveus, Jodocus</subfield>
      <subfield code="d">1472-1543</subfield>
    </datafield>
    <datafield tag="400" ind1="1" ind2=" ">
      <subfield code="a">Clichtove, Josse</subfield>
      <subfield code="d">1472-1543</subfield>
    </datafield>
    <datafield tag="400" ind1="1" ind2=" ">
      <subfield code="a">Clichtoveius, Judocus</subfield>
      <subfield code="d">1472-1543</subfield>
    </datafield>
    <datafield tag="500" ind1="1" ind2=" ">
      <subfield code="0">(DE-101)118577387</subfield>
      <subfield code="0">(DE-588)118577387</subfield>
      <subfield code="0">https://d-nb.info/gnd/118577387</subfield>
      <subfield code="a">Manuzio, Aldo Pio</subfield>
      <subfield code="d">1450-1515</subfield>
      <subfield code="4">beza</subfield>
      <subfield code="4">https://d-nb.info/standards/elementset/gnd#acquaintanceshipOrFriendship</subfield>
      <subfield code="w">r</subfield>
      <subfield code="i">Bekanntschaft</subfield>
      <subfield code="e">Bekanntschaft</subfield>
      <subfield code="9">v:VD-16 Mitverf.</subfield>
    </datafield>
    <datafield tag="500" ind1="1" ind2=" ">
      <subfield code="0">(DE-101)100065562</subfield>
      <subfield code="0">(DE-588)100065562</subfield>
      <subfield code="0">https://d-nb.info/gnd/100065562</subfield>
      <subfield code="a">Caesarius, Johann</subfield>
      <subfield code="d">1460-1550</subfield>
      <subfield code="4">beza</subfield>
      <subfield code="4">https://d-nb.info/standards/elementset/gnd#acquaintanceshipOrFriendship</subfield>
      <subfield code="w">r</subfield>
      <subfield code="i">Bekanntschaft</subfield>
      <subfield code="e">Bekanntschaft</subfield>
      <subfield code="9">v:VD-16 Mitverf.</subfield>
    </datafield>
    <datafield tag="500" ind1="1" ind2=" ">
      <subfield code="0">(DE-101)11948370X</subfield>
      <subfield code="0">(DE-588)11948370X</subfield>
      <subfield code="0">https://d-nb.info/gnd/11948370X</subfield>
      <subfield code="a">Musculus, Wolfgang</subfield>
      <subfield code="d">1497-1563</subfield>
      <subfield code="4">beza</subfield>
      <subfield code="4">https://d-nb.info/standards/elementset/gnd#acquaintanceshipOrFriendship</subfield>
      <subfield code="w">r</subfield>
      <subfield code="i">Bekanntschaft</subfield>
      <subfield code="e">Bekanntschaft</subfield>
      <subfield code="9">v:VD-16 Mitverf.</subfield>
    </datafield>
    <datafield tag="500" ind1="1" ind2=" ">
      <subfield code="0">(DE-101)119827816</subfield>
      <subfield code="0">(DE-588)119827816</subfield>
      <subfield code="0">https://d-nb.info/gnd/119827816</subfield>
      <subfield code="a">Schweller, Haimeran</subfield>
      <subfield code="4">beza</subfield>
      <subfield code="4">https://d-nb.info/standards/elementset/gnd#acquaintanceshipOrFriendship</subfield>
      <subfield code="w">r</subfield>
      <subfield code="i">Bekanntschaft</subfield>
      <subfield code="e">Bekanntschaft</subfield>
      <subfield code="9">v:VD-16 Mitverf.</subfield>
    </datafield>
    <datafield tag="500" ind1="1" ind2=" ">
      <subfield code="0">(DE-101)120882841</subfield>
      <subfield code="0">(DE-588)120882841</subfield>
      <subfield code="0">https://d-nb.info/gnd/120882841</subfield>
      <subfield code="a">Bouelles, Charles &#152;de&#156;</subfield>
      <subfield code="d">1479-1567</subfield>
      <subfield code="4">beza</subfield>
      <subfield code="4">https://d-nb.info/standards/elementset/gnd#acquaintanceshipOrFriendship</subfield>
      <subfield code="w">r</subfield>
      <subfield code="i">Bekanntschaft</subfield>
      <subfield code="e">Bekanntschaft</subfield>
      <subfield code="9">v:VD-16 Mitverf.</subfield>
    </datafield>
    <datafield tag="500" ind1="1" ind2=" ">
      <subfield code="0">(DE-101)124179916</subfield>
      <subfield code="0">(DE-588)124179916</subfield>
      <subfield code="0">https://d-nb.info/gnd/124179916</subfield>
      <subfield code="a">Périon, Joachim</subfield>
      <subfield code="d">1499-1559</subfield>
      <subfield code="4">beza</subfield>
      <subfield code="4">https://d-nb.info/standards/elementset/gnd#acquaintanceshipOrFriendship</subfield>
      <subfield code="w">r</subfield>
      <subfield code="i">Bekanntschaft</subfield>
      <subfield code="e">Bekanntschaft</subfield>
      <subfield code="9">v:VD-16 Mitverf.</subfield>
    </datafield>
    <datafield tag="500" ind1="1" ind2=" ">
      <subfield code="0">(DE-101)124198643</subfield>
      <subfield code="0">(DE-588)124198643</subfield>
      <subfield code="0">https://d-nb.info/gnd/124198643</subfield>
      <subfield code="a">Valla, Giorgio</subfield>
      <subfield code="d">1447-1500</subfield>
      <subfield code="4">beza</subfield>
      <subfield code="4">https://d-nb.info/standards/elementset/gnd#acquaintanceshipOrFriendship</subfield>
      <subfield code="w">r</subfield>
      <subfield code="i">Bekanntschaft</subfield>
      <subfield code="e">Bekanntschaft</subfield>
      <subfield code="9">v:VD-16 Mitverf.</subfield>
    </datafield>
    <datafield tag="500" ind1="0" ind2=" ">
      <subfield code="0">(DE-101)118509810</subfield>
      <subfield code="0">(DE-588)118509810</subfield>
      <subfield code="0">https://d-nb.info/gnd/118509810</subfield>
      <subfield code="a">Bernard</subfield>
      <subfield code="c">Clairvaux, Abt, Heiliger</subfield>
      <subfield code="d">1090-1153</subfield>
      <subfield code="4">beza</subfield>
      <subfield code="4">https://d-nb.info/standards/elementset/gnd#acquaintanceshipOrFriendship</subfield>
      <subfield code="w">r</subfield>
      <subfield code="i">Bekanntschaft</subfield>
      <subfield code="e">Bekanntschaft</subfield>
      <subfield code="9">v:VD-16 Mitverf.</subfield>
    </datafield>
    <datafield tag="500" ind1="0" ind2=" ">
      <subfield code="0">(DE-101)118716999</subfield>
      <subfield code="0">(DE-588)118716999</subfield>
      <subfield code="0">https://d-nb.info/gnd/118716999</subfield>
      <subfield code="a">Georgius</subfield>
      <subfield code="c">Trapezuntius</subfield>
      <subfield code="d">1395-1484</subfield>
      <subfield code="4">beza</subfield>
      <subfield code="4">https://d-nb.info/standards/elementset/gnd#acquaintanceshipOrFriendship</subfield>
      <subfield code="w">r</subfield>
      <subfield code="i">Bekanntschaft</subfield>
      <subfield code="e">Bekanntschaft</subfield>
      <subfield code="9">v:VD-16 Mitverf.</subfield>
    </datafield>
    <datafield tag="500" ind1="0" ind2=" ">
      <subfield code="0">(DE-101)11869877X</subfield>
      <subfield code="0">(DE-588)11869877X</subfield>
      <subfield code="0">https://d-nb.info/gnd/11869877X</subfield>
      <subfield code="a">Guarinus</subfield>
      <subfield code="c">Veronensis</subfield>
      <subfield code="d">1374-1460</subfield>
      <subfield code="4">beza</subfield>
      <subfield code="4">https://d-nb.info/standards/elementset/gnd#acquaintanceshipOrFriendship</subfield>
      <subfield code="w">r</subfield>
      <subfield code="i">Bekanntschaft</subfield>
      <subfield code="e">Bekanntschaft</subfield>
      <subfield code="9">v:VD-16 Mitverf.</subfield>
    </datafield>
    <datafield tag="548" ind1=" " ind2=" ">
      <subfield code="a">1472-1543</subfield>
      <subfield code="4">datl</subfield>
      <subfield code="4">https://d-nb.info/standards/elementset/gnd#dateOfBirthAndDeath</subfield>
      <subfield code="w">r</subfield>
      <subfield code="i">Lebensdaten</subfield>
      <subfield code="9">v:Anderslautendes Geburtsjahr: 1473</subfield>
    </datafield>
    <datafield tag="550" ind1=" " ind2=" ">
      <subfield code="0">(DE-101)041607775</subfield>
      <subfield code="0">(DE-588)4160777-6</subfield>
      <subfield code="0">https://d-nb.info/gnd/4160777-6</subfield>
      <subfield code="a">Humanist</subfield>
      <subfield code="4">berc</subfield>
      <subfield code="4">https://d-nb.info/standards/elementset/gnd#professionOrOccupation</subfield>
      <subfield code="w">r</subfield>
      <subfield code="i">Charakteristischer Beruf</subfield>
    </datafield>
    <datafield tag="667" ind1=" " ind2=" ">
      <subfield code="a">12</subfield>
    </datafield>
    <datafield tag="667" ind1=" " ind2=" ">
      <subfield code="a">384</subfield>
    </datafield>
    <datafield tag="667" ind1=" " ind2=" ">
      <subfield code="a">7</subfield>
    </datafield>
    <datafield tag="667" ind1=" " ind2=" ">
      <subfield code="a">VD-16</subfield>
    </datafield>
    <datafield tag="667" ind1=" " ind2=" ">
      <subfield code="a">VD-17</subfield>
    </datafield>
    <datafield tag="667" ind1=" " ind2=" ">
      <subfield code="a">Ansetzung in GND u. VD16: Clicthove, Josse</subfield>
    </datafield>
    <datafield tag="670" ind1=" " ind2=" ">
      <subfield code="a">PND</subfield>
    </datafield>
    <datafield tag="670" ind1=" " ind2=" ">
      <subfield code="a">LCAuth</subfield>
    </datafield>
    <datafield tag="672" ind1=" " ind2="0">
      <subfield code="a">Clicthove, Josse: Antilutherus Iudoci Clichtovei Neoportuensis, doctoris theologi, Tres l*</subfield>
      <subfield code="f">1524</subfield>
    </datafield>
    <datafield tag="672" ind1=" " ind2="0">
      <subfield code="a">Clicthove, Josse: Antilutherus Judoci Clichtovei ... Tres libros complectens</subfield>
      <subfield code="f">1525</subfield>
    </datafield>
    <datafield tag="672" ind1=" " ind2="0">
      <subfield code="a">Clicthove, Josse: De Doctrina moriendi Opusculum</subfield>
      <subfield code="f">1520</subfield>
    </datafield>
    <datafield tag="672" ind1=" " ind2="0">
      <subfield code="a">Clicthove, Josse: De Doctrina moriendi Opusculum</subfield>
      <subfield code="f">1535</subfield>
    </datafield>
    <datafield tag="672" ind1=" " ind2="0">
      <subfield code="a">Clicthove, Josse: De Doctrina moriendi Opusculum</subfield>
      <subfield code="f">1538</subfield>
    </datafield>
    <datafield tag="672" ind1=" " ind2="0">
      <subfield code="a">Clicthove, Josse: Elucidatorium ecclesiasticum</subfield>
      <subfield code="f">1517</subfield>
    </datafield>
    <datafield tag="672" ind1=" " ind2="0">
      <subfield code="a">Clicthove, Josse: Elucidatorium ecclesiasticum</subfield>
      <subfield code="f">1519</subfield>
    </datafield>
    <datafield tag="672" ind1=" " ind2="0">
      <subfield code="a">Clicthove, Josse: Fundamentum Logicae</subfield>
      <subfield code="f">1560</subfield>
    </datafield>
    <datafield tag="672" ind1=" " ind2="0">
      <subfield code="a">Clicthove, Josse: Homiliae</subfield>
      <subfield code="f">1535</subfield>
    </datafield>
    <datafield tag="672" ind1=" " ind2="0">
      <subfield code="a">Clicthove, Josse: Sermones</subfield>
      <subfield code="f">1535</subfield>
    </datafield>
    <datafield tag="672" ind1=" " ind2="0">
      <subfield code="a">Badius, Jodocus: De orthographia regulae.  1513.  (VD16 B 128)</subfield>
    </datafield>
    <datafield tag="672" ind1=" " ind2="0">
      <subfield code="a">Clicthove, Josse: De veneratione sanctorum.  1527.  (VD16 C 4212)</subfield>
    </datafield>
    <datafield tag="672" ind1=" " ind2="0">
      <subfield code="a">Badius, Jodocus: Elegantiolae.  1504.  (VD16 B 122)</subfield>
    </datafield>
    <datafield tag="672" ind1=" " ind2="0">
      <subfield code="a">LeFèvre d'Etaples, Jacques: La geometrie practique, Ausz.  1507.  (VD16 L 952)</subfield>
    </datafield>
    <datafield tag="672" ind1=" " ind2="0">
      <subfield code="a">Cyrillus &lt;von Alexandrien&gt;: In Leviticum libri XVI.  1524.  (VD16 C 6579)</subfield>
    </datafield>
    <datafield tag="672" ind1=" " ind2="0">
      <subfield code="a">Clicthove, Josse: DE veneratione sancto\[rum].libri duo Judoci Clichtouei.Neoportuẽsis.excellẽtissimi ...  1525.  (VD16 C 4211)</subfield>
    </datafield>
    <datafield tag="672" ind1=" " ind2="0">
      <subfield code="a">Clicthove, Josse: Homiliae.  1535.  (VD16 C 4195)</subfield>
    </datafield>
    <datafield tag="672" ind1=" " ind2="0">
      <subfield code="a">Clicthove, Josse: Dogma Moralium Philosophorum, compendiose &amp; stu-diose collectum..  1512.  (VD16 C 4191)</subfield>
    </datafield>
    <datafield tag="672" ind1=" " ind2="0">
      <subfield code="a">Clicthove, Josse: SERMONES IVDOCI CLICHTOVEI NEOPORTVEN. DOCTORIS Theologi, &amp; Carnoteñ.Canonici, studiosis ...  1535.  (VD16 C 4209)</subfield>
    </datafield>
    <datafield tag="672" ind1=" " ind2="0">
      <subfield code="a">Clicthove, Josse: Homiliae.  1572.  (VD16 C 4200)</subfield>
    </datafield>
    <datafield tag="678" ind1=" " ind2=" ">
      <subfield code="b">Anderslautendes Geburtsjahr: 1473</subfield>
    </datafield>
    <datafield tag="678" ind1=" " ind2=" ">
      <subfield code="b">Niederländ. Humanist, Theologe</subfield>
    </datafield>
    <datafield tag="678" ind1=" " ind2=" ">
      <subfield code="b">Humanist, Theologe</subfield>
    </datafield>
    <datafield tag="700" ind1="1" ind2="7">
      <subfield code="a">Clichtove, Josse</subfield>
      <subfield code="d">1472-1543</subfield>
      <subfield code="0">(DLC)n  82136812</subfield>
      <subfield code="2">naf</subfield>
      <subfield code="9">v:d. 1543</subfield>
    </datafield>
    <datafield tag="913" ind1=" " ind2=" ">
      <subfield code="S">pnd</subfield>
      <subfield code="i">a</subfield>
      <subfield code="a">Clicthove, Josse</subfield>
      <subfield code="0">(DE-588a)121144569</subfield>
    </datafield>
  </record>
